<collection xmlns="http://www.loc.gov/MARC21/slim">
<record>
  <leader>01077nam0a22002171i 450 </leader>
  <controlfield tag="001">IT\ICCU\CNCE\075588</controlfield>
  <controlfield tag="005">20110131000000.0</controlfield>
  <datafield tag="012" ind1=" " ind2=" ">
    <subfield code="a">i.i, nua, u,a, nua, (C) 1594 (Q)</subfield>
    <subfield code="2">fei</subfield>
  </datafield>
  <datafield tag="100" ind1=" " ind2=" ">
    <subfield code="a">20110131f1594        0itac0103    ba</subfield>
  </datafield>
  <datafield tag="101" ind1=" " ind2=" ">
    <subfield code="a">ITA</subfield>
  </datafield>
  <datafield tag="102" ind1=" " ind2=" ">
    <subfield code="a">IT</subfield>
  </datafield>
  <datafield tag="200" ind1="1" ind2=" ">
    <subfield code="a">℗La ℗noua historia de la gloriosa Vergine Maria del Rosario. Sopra li quindici misterij, con laudi della santit ̉di papa Pio, s della catholica maest ̉il re Filippo,e principi, e signori del regno. Composta per Gio. Leonardo a&apos; Amodio</subfield>
  </datafield>
  <datafield tag="210" ind1=" " ind2=" ">
    <subfield code="d">\non prima del 1594!</subfield>
    <subfield code="e">In Palermo</subfield>
    <subfield code="h">et ristampata in Messina</subfield>
    <subfield code="g">per Pietro Brea</subfield>
  </datafield>
  <datafield tag="215" ind1=" " ind2=" ">
    <subfield code="a">\4! c.</subfield>
    <subfield code="c">ill.</subfield>
    <subfield code="d">4ʻ</subfield>
  </datafield>
  <datafield tag="300" ind1=" " ind2=" ">
    <subfield code="a">Per la data cfr.: A. Bonifacio, Gli annali dei tipografi messinesi del Cinquecento, n. 107</subfield>
  </datafield>
  <datafield tag="620" ind1=" " ind2=" ">
    <subfield code="a">IT</subfield>
    <subfield code="d">Messina</subfield>
  </datafield>
  <datafield tag="700" ind1=" " ind2="1">
    <subfield code="a">Amodio,</subfield>
    <subfield code="b">Giovanni Leonardo</subfield>
    <subfield code="3">IT\ICCU\CNCA\000677</subfield>
  </datafield>
  <datafield tag="712" ind1="0" ind2="0">
    <subfield code="a">Brea, Pietro</subfield>
    <subfield code="3">IT\ICCU\CNCT\000579</subfield>
    <subfield code="4">650</subfield>
  </datafield>
  <datafield tag="790" ind1=" " ind2="1">
    <subfield code="a">D&apos;Amodio,</subfield>
    <subfield code="b">Giovanni Leonardo</subfield>
    <subfield code="3">IT\ICCU\CNCA\010209</subfield>
    <subfield code="z">Amodio, Giovanni Leonardo</subfield>
  </datafield>
  <datafield tag="801" ind1=" " ind2="3">
    <subfield code="a">IT</subfield>
    <subfield code="b">ICCU</subfield>
    <subfield code="c">20201115</subfield>
  </datafield>
  <datafield tag="899" ind1=" " ind2=" ">
    <subfield code="a">Biblioteca Apostolica Vaticana. Citt ̉del Vaticano</subfield>
    <subfield code="1">EX0001</subfield>
    <subfield code="2">ZCV 01</subfield>
  </datafield>
</record>
</collection>
